@Online{irisPlatform,
  author = {{InterSystems Corporation}},
  title = {Data Model},
  year = {2020},
  month = {March},
  urldate = {2023-05-28},
  url = {https://docs.intersystems.com/irislatest/csp/docbook/Doc.View.cls?KEY=PAGE_multimodel}
}

@online{martinpilatRNN,
  author = {Pilát, Martin},
  title = {Neuronové sítě: RBF sítě, rekurentní sítě},
  year = {n.d.},
  urldate = {2023-05-28},
  url = {https://martinpilat.com/cs/prirodou-inspirovane-algoritmy/neuronove-site-rbf-site-rekurentni-site}
}

@online{martinpilatNN,
  author = {Pilát, Martin},
  title = {Neuronové sítě: Úvod k perceptronu},
  year = {n.d.},
  urldate = {2023-05-28},
  url = {https://martinpilat.com/cs/prirodou-inspirovane-algoritmy/neuronove-site-uvod}
}

@online{colah,
  author = {Olah, Christopher},
  title = {Understanding LSTM Networks},
  year = {2015},
  month = {August},
  urldate = {2023-05-28},
  url = {http://colah.github.io/posts/2015-08-Understanding-LSTMs/}
}

@online{londondata,
  author = {{Greater London Authority}},
  title = {Smartmeter Energy Use Data in London Households},
  year = {2015},
  urldate = {2023-05-28},
  url = {https://data.london.gov.uk/dataset/smartmeter-energy-use-data-in-london-households}
}

@article{cnn-bi-lstm,
  author  = {Gaur, K. and Singh, S. Kumar},
  title   = {{CNN-Bi-LSTM Based Household Energy Consumption Prediction}},
  journal = {{IEEE Xplore}},
  year    = {2021},
  month   = {May},
  day     = {01},
  url     = {https://ieeexplore.ieee.org/document/9451797},
  urldate = {2023-05-28}
}

@thesis{herrmann2021moderni,
  author       = {HERRMANN, Vojtěch},
  title        = {{Moderní predikční metody pro finanční časové řady}},
  year         = {2021},
  type         = {Diplomová práce},
  institution  = {Univerzita Karlova, Matematicko-fyzikální fakulta},
  address      = {Praha},
  department   = {Katedra pravděpodobnosti a matematické statistiky},
  supervisor   = {Hendrych, Radek}
}


@article{mcculloch1943logical,
  author    = {McCulloch, W.S. and Pitts, W.},
  title     = {{A logical calculus of the ideas immanent in nervous activity}},
  journal   = {Bulletin of Mathematical Biophysics},
  year      = {1943},
  volume    = {5},
  pages     = {115--133},
  doi       = {10.1007/BF02478259}
}


@thesis{kynych2018vyuziti,
  author       = {KYNYCH, František},
  title        = {{Využití neuronových sítí pro automatickou fonetickou transkripci}},
  year         = {2018},
  type         = {Bakalářská práce}
}

@thesis{krepsky2011rekurentni,
  author       = {KŘEPSKÝ, Jan},
  title        = {{Rekurentní neuronové sítě v počítačovém vidění}},
  year         = {2011},
  address      = {Brno},
  url          = {http://hdl.handle.net/11012/54172},
  urldate      = {2023-05-29},
  type         = {Diplomová práce},
  institution  = {Vysoké učení technické v Brně},
  department   = {Fakulta informačních technologií},
  school       = {Ústav počítačové grafiky a multimédií},
  supervisor   = {Michal Španěl}
}

@article{brownlee2019gentle,
  author       = {Brownlee, Jason},
  title        = {{A Gentle Introduction to the Rectified Linear Unit (ReLU)}},
  journal      = {Machine Learning Mastery},
  year         = {2019},
  month        = {January},
  day          = {8},
  url          = {https://machinelearningmastery.com/rectified-linear-activation-function-for-deep-learning-neural-networks/},
  urldate      = {2023-04-08}
}

@article{chen2016xgboost,
  author       = {CHEN, Tianqi and GUESTRIN, Carlos},
  title        = {{XGBoost: A Scalable Tree Boosting System}},
  booktitle    = {{Proceedings of the 22nd ACM SIGKDD International Conference on Knowledge Discovery and Data Mining}},
  year         = {2016},
  publisher    = {ACM},
  address      = {New York, NY, USA},
  pages        = {785--794},
  isbn         = {9781450342322},
  url          = {https://dl.acm.org/doi/10.1145/2939672.2939785}
}


@thesis{Tomsik2016thesis,

	AUTHOR = "Tomšík, Jan",

	TITLE = "Matematické modelování v energetice [online]",

	YEAR = "2016 [cit. 2023-05-29]",

	TYPE = "Rigorózní práce", 

	SCHOOL = "Masarykova univerzita, Přírodovědecká fakultaBrno",

	NOTE = "SUPERVISOR: ", 

	URL = "https://theses.cz/id/yatg62/",
}

@book{hanousek1992moderni,
  author    = {HANOUSEK, Jan and CHARAMZA, Pavel},
  title     = {{Moderní metody zpracování dat: matematická statistika pro každého}},
  edition   = {1. vyd.},
  year      = {1992},
  publisher = {Grada},
  address   = {Praha},
  pages     = {210},
  isbn      = {80-85623-31-5}
}

@article{SHEN2022117181,
title = {Enhancement of neural networks with an alternative activation function tanhLU},
year = {2022},
issn = {0957-4174},
doi = {https://doi.org/10.1016/j.eswa.2022.117181},
url = {https://www.sciencedirect.com/science/article/pii/S0957417422005681},
author = {Shui-Long Shen and Ning Zhang and Annan Zhou and Zhen-Yu Yin},
}


@BOOK{Brockwell2016-qt,
	title     = "Introduction to time series and forecasting",
	author    = "Brockwell, Peter J and Davis, Richard A",
	publisher = "Springer International Publishing",
	series    = "Springer Texts in Statistics",
	edition   =  3,
	month     =  aug,
	year      =  2016,
	address   = "Basel, Switzerland",
	language  = "en"
}

@online{efjcu-cz,
    author={Jana Klicnarová, Michal Houda},
	title = {Kapitola 5 Analýza časových řad - úvod},
	year = {2014},
	urldate = {2024-01-23},
	publisher={Ekonomická fakulta JU - EF},
	url = {http://home.ef.jcu.cz/~janaklic/OPVVV_SMAC/anal%C3%BDza-asov%C3%BDch-ad-%C3%BAvod.html}
}


@article{zayiong,
	author = { Zaiyong Tang and Chrys de Almeida and Paul A. Fishwick},
	title ={Time series forecasting using neural networks vs. Box- Jenkins methodology},
	journal = {SIMULATION},
	volume = {57},
	number = {5},
	pages = {303-310},
	year = {1991},
	doi = {10.1177/003754979105700508},
	url = {https://doi.org/10.1177/003754979105700508}
}


@Article{RUPEL,
	author={Rupel Nargunam and William W. S. Wei and N. Anuradha},
	title={{Investigating seasonality, policy intervention and forecasting in the Indian gold futures market: a comparison based on modeling non-constant variance using two different methods}},
	journal={Financial Innovation},
	year=2021,
	volume={7},
	number={1},
	pages={1-15},
	month={December},
	keywords={Gold futures prices; ARIMA models; Non-constant variance; ARCH and GARCH models; Box–Cox power trans},
	doi={10.1186/s40854-021-00283-}
}

@BOOK{Hyndman2013-wm,
	title     = "Forecasting",
	author    = "Hyndman, Rob J and Athanasopoulos, George",
	publisher = "Otexts",
	month     =  oct,
	year      =  2013
}

@article{arima-Yan-Li,
	author = {Li, Yan},
	title = {Prediction of energy consumption: Variable regression or time series? A case in China},
	journal = {Energy Science \& Engineering},
	volume = {7},
	number = {6},
	pages = {2510-2518},
	keywords = {China, deep learning, energy consumption, long short-term memory, ridge regression, time series},
	doi = {https://doi.org/10.1002/ese3.439},
	url = {https://onlinelibrary.wiley.com/doi/abs/10.1002/ese3.439},
	eprint = {https://onlinelibrary.wiley.com/doi/pdf/10.1002/ese3.439},
	year = {2019}
}

@online{amazon,
	author={Amazon Web Services, Inc.},
	title = {What are Autoregressive Models? - AR Models Explained - AWS},
	urldate = {2024-01-25},
	publisher={Ekonomická fakulta JU - EF},
	url = {https://aws.amazon.com/what-is/autoregressive-models/}
}                                   

@article{KIM201972,
	title = {Predicting residential energy consumption using CNN-LSTM neural networks},
	journal = {Energy},
	volume = {182},
	pages = {72-81},
	year = {2019},
	issn = {0360-5442},
	doi = {https://doi.org/10.1016/j.energy.2019.05.230},
	url = {https://www.sciencedirect.com/science/article/pii/S0360544219311223},
	author = {Tae-Young Kim and Sung-Bae Cho},
	keywords = {Electric energy consumption, Deep learning, Convolutional neural network, Long short-term memory},

}       

@thesis{vojtechJaros,
	author       = {Vojtěch Jaroš},
	title        = {{Detecting abnormalities in X-Ray images using Neural Networks}},
	year         = {2022},
	type         = {Bakalářská práce},
	institution  = {České vysoké učení technické v Praze. Vypočetní a informační centrum},
	supervisor   = {Žitný Jakub}
}

@Article{Yamashita2018,
	author={Yamashita, Rikiya
	and Nishio, Mizuho
	and Do, Richard Kinh Gian
	and Togashi, Kaori},
	title={Convolutional neural networks: an overview and application in radiology},
	journal={Insights into Imaging},
	year={2018},
	month={Aug},
	day={01},
	volume={9},
	number={4},
	pages={611-629},
	issn={1869-4101},
	doi={10.1007/s13244-018-0639-9},
	url={https://doi.org/10.1007/s13244-018-0639-9}
}

@article{article,
	author = {Cen, Senfeng and Kim, Dong and Lim, Chang-Gyoon},
	year = {2023},
	month = {04},
	pages = {},
	title = {A fused CNN‐LSTM model using FFT with application to real‐time power quality disturbances recognition},
	volume = {11},
	journal = {Energy Science & Engineering},
	doi = {10.1002/ese3.1450}
}

@INPROCEEDINGS{10201713,
	author={San, Kaung Myat and Singh, Jai Govind and Prakash N., Krishna},
	booktitle={2023 International Conference in Advances in Power, Signal, and Information Technology (APSIT)}, 
	title={Wind Speed Forecasting using Hybrid Model of CNN and LSTM with Wavelets}, 
	year={2023},
	volume={},
	number={},
	pages={297-301},
	doi={10.1109/APSIT58554.2023.10201713}
}
	

                                            